%! Author = teismar
%! Date = 9/13/24

@article{Neumann2024Jan,
	author = {Neumann, Michael and Kuchel, Thorben and Diebold, Philipp and Sch{\ifmmode\ddot{o}\else\"{o}\fi}n, Eva-Maria},
	title = {{Agile culture clash: Unveiling challenges in cultivating an agile mindset in organizations}},
	journal = {Computer Science and Information Systems},
	volume = {21},
	pages = {29},
	year = {2024},
	month = jan,
	doi = {10.2298/CSIS230715029N}
}